<?xml version="1.0" encoding="UTF-8"?><record xmlns="http://www.loc.gov/MARC21/slim" xmlns:cinclude="http://apache.org/cocoon/include/1.0" xmlns:zs="http://www.loc.gov/zing/srw/">
  <leader>00327nz  a2200121n  4500</leader>
  <controlfield tag="001">nr2005015704</controlfield>
  <controlfield tag="003">DLC</controlfield>
  <controlfield tag="005">20050708033109.0</controlfield>
  <controlfield tag="008">050707n| acannaabn          |n aaa     c</controlfield>
  <datafield tag="010" ind1=" " ind2=" ">
    <subfield code="a">nr2005015704</subfield>
  </datafield>
  <datafield tag="040" ind1=" " ind2=" ">
    <subfield code="a">UkCU</subfield>
    <subfield code="b">eng</subfield>
    <subfield code="c">UkCU</subfield>
  </datafield>
  <datafield tag="100" ind1="1" ind2=" ">
    <subfield code="a">Krummel, Evelyn S.</subfield>
  </datafield>
  <datafield tag="670" ind1=" " ind2=" ">
    <subfield code="a">Nietzsche und der deutsche Geist, 1998:</subfield>
    <subfield code="b">t.p. (Evelyn S. Krummel)</subfield>
  </datafield>
</record>